@article{Momin_Yang_2013,
	title={A literature survey of benchmark functions for global optimization problems},
	author={{Momin Jamil} and {Yang Xin-She}},
	journal={Journal of Mathematical Modelling and Numerical Optimisation},
	volume={4},
	number={2},
	pages={150–-194},
	year={2013}
}


@inproceedings{DRIAS_SADEG_YAHI_2005,
	title={Cooperative Bees Swarm for Solving the Maximum Weighted Satisfiability Problem},
	author={{Drias Habiba} and {Sadeg Souhila} and {Yahi Safa}},
	booktitle={Computational Intelligence and Bioinspired Systems},
	volume={3512},
	pages={318--325},
	year={2005}
}

@article{yang2010new,
	title={A new metaheuristic bat-inspired algorithm},
	author={{Yang Xin-She}},
	journal={Nature inspired cooperative strategies for optimization (NICSO 2010)},
	pages={65--74},
	year={2010},
	publisher={Springer}
}

@article{continue,
	title={Notes de cours},
	author={{Jean-Louis Rouget}},
	year={2012},
}


@article{bilbro1991optimization,
	title={Optimization of functions with many minima},
	author={{Bilbro Griff L.} and {Snyder Wesley E.}},
	journal={IEEE Transactions on Systems, Man, and Cybernetics},
	volume={21},
	number={4},
	pages={840--849},
	year={1991},
	publisher={IEEE}
}

@inproceedings{BERTHIAU1997,
	title={Fitting Of Tabu Search To Optimize Functions Of Continuous Variables},
	author={{Siarry Patrick} and {Berthiau Gérard}},
	booktitle={International Journal For Numerical Methods In Engineering},
	volume={40},
	pages={2449--2457},
	year={1997}
}

@article{seeley1991collective,
	title={Collective decision-making in honey bees: how colonies choose among nectar sources},
	author={{Seeley Thomas D.} and {Camazine Scott} and {Sneyd James}},
	journal={Behavioral Ecology and Sociobiology},
	volume={28},
	number={4},
	pages={277--290},
	year={1991},
	publisher={Springer}
}

@phdthesis{boussaid,
	TITLE = {{Improvement of metaheuristics for continuous optimization}},
	AUTHOR = {{Boussaid Ilhem}},
	NUMBER = {2013PEST1075},
	SCHOOL = {{Universit{\'e} Paris-Est}},
	YEAR = {2013},
	MONTH = June,
	HAL_ID = {tel-00952774},
	HAL_VERSION = {v1},
}

@phdthesis{riadi2014cognitive,
	title={Cognitive Ant colony optimization: A new framework in swarm intelligence},
	author={{Riadi Indra Chandra Joseph} and others},
	year={2014},
	school={University of Salford}
}

@inproceedings{DJEFFAL_DRIAS_2013,
	title={Multilevel Bee Swarm Optimization for Large Satisfibility Problem Instances},
	author={{Djeffal Marwa} and {Drias Habiba}},
	booktitle={Intelligent Data	Engineering and Automated Learning},
	volume={8206},
	pages={594--602},
	year={2013}
}

@inproceedings{DRIAS_DOUIB_HIRECHE_2013,
	title={Swarm Intelligence with Clustering for Solving SAT},
	author={{Drias Habiba} and {Douib Ameur} and {Hireche Célia}},
	booktitle={Intelligent Data Engineering and
	Automated Learning},
	volume={8206},
	pages={585--593},
	year={2013}
}

@inproceedings{KENNEDY_EBERHART_1995,
	title={Particle Swarm Optimization},
	author={{Kennedy James} and {Eberhart Russell}},
	booktitle={Proceedings of IEEE International Conference on Neural Networks},
	pages={1942--1948},
	year={1995}
}

@inproceedings{DJENOURI_DRIAS_HABBAS_2014,
	title={Bee Swarm Optimization using multiple strategies for association rules mining},
	author={{Djenouri Y.} and {Drias H.} and {Habbas Z.}},
	booktitle={International Journal of Bio-Inspired Computation},
	volume={6},
	issue={4},
	pages={239--249},
	year={2014}
}



@inproceedings{SOCHA_DORIGO_2006,
	title={Ant colony optimization for continuous domains},
	author={{Krzysztof Socha} and {Marco Dorigo}},
	booktitle={European Journal of Operational Research},
	volume={185},
	pages={1155--1173},
	year={2006}
}

@article{ma2013application,
	title={Application of particle swarm optimization algorithm in the heating system planning problem},
	author={{Ma Rong-Jiang} and {Yu Nan-Yang} and {Hu Jun-Yi}},
	journal={The Scientific World Journal},
	year={2013},
	publisher={Hindawi Publishing Corporation}
}
@article{esmin2012application,
	title={Application of particle swarm optimization to optimal power systems},
	author={{Esmin Ahmed A.} and {Lambert-Torres Germano}},
	journal={International Journal of Innovative Computing, Information and Control},
	volume={8},
	number={3A}, 
	pages={1705--1716},
	year={2012}
}
@article{babazadeh2011application,
	title={Application of particle swarm optimization to transportation network design problem},
	author={{Babazadeha Abbas} and {Poorzahedy Hossain} and {Nikoosokhan Saeid}},
	journal={Journal of King Saud University-Science},
	volume={23},
	number={3},
	pages={293--300},
	year={2011},
	publisher={Elsevier}
}



@article{Chelouadh_siarry_2000,
	title={A Continuous Genetic Algorithm Designed for the Global Optimization of Multimodal Functions},
	author={{Chelouah Rachid} and {Siarry Patrick}},
	journal={Journal of Heuristics},
	volume={6},
	pages={191–-213},
	year={2000},
	publisher={Kluwer Academic Publishers}
}

@article{Chelouadh_siarry_2001,
	title={Tabu Search applied to global optimization},
	author={{Chelouah Rachid} and {Siarry Patrick}},
	journal={European Journal of Operational Research},
	volume={123},
	pages={256–-270},
	year={2000},
	publisher={Elsevier}
}

@article{Hu_1992,
	title={Tabu Search method with random moves for globally optimal design},
	author={{N. Hu}},
	journal={International Journal for Numerical Methods in Engineering},
	volume={35},
	pages={1055-1070},
	year={1992},
}

@article{siarry1997fitting,
	title={Fitting of tabu search to optimize functions of continuous variables},
	author={{Siarry Patrick} and {Berthiau G{\'e}rard}},
	journal={International journal for numerical methods in engineering},
	volume={40},
	number={13},
	pages={2449--2457},
	year={1997},
	publisher={Chichester, New York, Wiley [etc.] 1969-}
}

@article{battiti1996continuous,
	title={The continuous reactive tabu search: blending combinatorial optimization and stochastic search for global optimization},
	author={{Battiti Roberto} and {Tecchiolli Giampietro}},
	journal={Annals of Operations Research},
	volume={63},
	number={2},
	pages={151--188},
	year={1996},
	publisher={Springer}
}

@article{cvijovic1995taboo,
	title={Taboo search: an approach to the multiple minima problem},
	author={{Cvijovic Djurdje} and {Klinowski Jacek}},
	journal={Science},
	volume={267},
	number={5198},
	pages={664},
	year={1995},
	publisher={The American Association for the Advancement of Science}
}

@article{siarry1997enhanced,
	title={Enhanced simulated annealing for globally minimizing functions of many-continuous variables},
	author={{Siarry Patrick} and {Berthiau G{\'e}rard} and {Durdin Fran{\c{c}}ois} and {Haussy Jacques}},
	journal={ACM Transactions on Mathematical Software (TOMS)},
	volume={23},
	number={2},
	pages={209--228},
	year={1997},
	publisher={ACM}
}

@article{dorigo2006ant,
	title={Ant colony optimization},
	author={{Dorigo Marco} and {Birattari Mauro} and {Stutzle Thomas}},
	journal={IEEE computational intelligence magazine},
	volume={1},
	number={4},
	pages={28--39},
	year={2006},
	publisher={IEEE}
}

@article{dorigo1996ant,
	title={Ant system: optimization by a colony of cooperating agents},
	author={{Dorigo Marco} and {Maniezzo Vittorio} and {Colorni Alberto}},
	journal={IEEE Transactions on Systems, Man, and Cybernetics, Part B (Cybernetics)},
	volume={26},
	number={1},
	pages={29--41},
	year={1996},
	publisher={IEEE}
}

@article{bilchev1995ant,
	title={The ant colony metaphor for searching continuous design spaces},
	author={{Bilchev George} and {Parmee Ian}},
	journal={Evolutionary Computing},
	pages={25--39},
	year={1995},
	publisher={Springer}
}

@article{dreo2004continuous,
	title={Continuous interacting ant colony algorithm based on dense heterarchy},
	author={{Dr{\'e}o Johann} and {Siarry Patrick}},
	journal={Future Generation Computer Systems},
	volume={20},
	number={5},
	pages={841--856},
	year={2004},
	publisher={Elsevier}
}

@article{siarry1997enhanced,
	title={Enhanced simulated annealing for globally minimizing functions of many-continuous variables},
	author={{Siarry Patrick} and {Berthiau G{\'e}rard} and {Durdin Fran{\c{c}}ois} and {Haussy, Jacques}},
	journal={ACM Transactions on Mathematical Software (TOMS)},
	volume={23},
	number={2},
	pages={209--228},
	year={1997},
	publisher={ACM}
}

@article{hansen2003reducing,
	title={Reducing the time complexity of the derandomized evolution strategy with covariance matrix adaptation (CMA-ES)},
	author={{Hansen Nikolaus} and {M{\"u}ller Sibylle D.} and {Koumoutsakos Petros}},
	journal={Evolutionary computation},
	volume={11},
	number={1},
	pages={1--18},
	year={2003},
	publisher={MIT Press}
}

@article{kern2004learning,
	title={Learning probability distributions in continuous evolutionary algorithms--a comparative review},
	author={{Kern Stefan} and {M{\"u}ller Sibylle D.} and {Hansen Nikolaus} and {B{\"u}che Dirk} and {Ocenasek Jiri} and {Koumoutsakos Petros}},
	journal={Natural Computing},
	volume={3},
	number={1},
	pages={77--112},
	year={2004},
	publisher={Springer}
}

@inproceedings{ocenasek2002estimation,
	title={Estimation of distribution algorithm for mixed continuous-discrete optimization problems},
	author={{Ocenasek Jiff} and {Schwarz Josef}},
	booktitle={2nd Euro-International Symposium on Computational Intelligence},
	pages={227--232},
	year={2002}
}

@article{wolpert1997no,
	title={No free lunch theorems for optimization},
	author={{Wolpert David H.} and {Macready William G.}},
	journal={IEEE transactions on evolutionary computation},
	volume={1},
	number={1},
	pages={67--82},
	year={1997},
	publisher={IEEE}
}

@article{bosman2002multi,
	title={Multi-objective optimization with diversity preserving mixture-based iterated density estimation evolutionary algorithms},
	author={{Bosman Peter} and {Thierens Dirk}},
	journal={International Journal of Approximate Reasoning},
	volume={31},
	number={3},
	pages={259--289},
	year={2002},
	publisher={Elsevier}
